@Misc{FireEye2017,
  author={FireEye},
  title={{APT10 (MenuPass Group): New Tools, Global Campaign Latest Manifestation of Longstanding Threat}},
  howpublished={\url{https://www.fireeye.com/blog/threat-research/2017/04/apt10_menupass_grou.html}},
  year={2017},
  note={Accessed: 26/06/2017}
}

@Misc{US-CERT2017,
  author={{US-CERT}},
  title={{Alert (TA17-164A), HIDDEN COBRA – North Korea’s DDoS Botnet Infrastructure}},
  howpublished={\url{https://www.us-cert.gov/ncas/alerts/TA17-164A}},
  year={2017},
  note={Accessed: 26/06/2017}
}

@Misc{Wired2017-04,
  author={Matt Burgess},
  title={{Hacking the hackers: everything you need to know about Shadow Brokers' attack on the NSA}},
  howpublished={\url{http://www.wired.co.uk/article/nsa-hacking-tools-stolen-hackers}},
  year={2017},
  note={Accessed: 26/06/2017}
}

@Misc{Kaspersky,
  author={{Kaspersky Lab}},
  title={{The Epic Turla (snake/Uroburos) attacks}},
  howpublished={\url{https://www.kaspersky.com/resource-center/threats/epic-turla-snake-malware-attacks}},
  note={Accessed: 26/06/2017}
}

@Misc{NATO-2016,
  author={{NATO}},
  title={{Warsaw Summit Communiqu\`{e}, Issued by the Heads of State and Government participating in the meeting of the North Atlantic Council in Warsaw 8-9 July 2016, para. 70.}},
  howpublished={\url{http://www.nato.int/cps/en/natohq/official_texts_133169.htm}},
  year={2016},
  note={Accessed: 26/06/2017}
}

@Misc{Wired2016-03,
  author={Kim Zetter},
  title={{Inside the Cunning, Unprecedented Hack of Ukraine's Power Grid}},
  howpublished={\url{https://www.wired.com/2016/03/inside-cunning-unprecedented-hack-ukraines-power-grid/}},
  year={2016},
  note={Accessed: 26/06/2017}
}

@Article{Brangetto2014,
  author={Pascal Brangetto and Tom\'{a}\v{s} Min\'{a}rik and Jan Stinissen},
  title={{From Active Cyber Defence to Responsive Cyber Defence: A Way for States to Defend Themselves-Legal Implications}},
  journal={{NATO Legal Gazette, Issue 35}},
  pages={16--28},
  year={2014},
  month={December}
}

@Book{Schmitt2017,
  author={Schmitt, Michael and Vihul, Liis and Akande, Dapo and Brown, Gary and Ducheine, Paul and Gill, Terry and Heinstchel von Heinegg, Wolff and Hernandez, Gleider and Housen-Couriel, Deborah and Huang, Zhixiong and Talbot Jensen, Eric and Kittichaisaree, Kringsak and Kozik, Andrey and Kreiss, Claus and McCormak, Tim and Nakatani, Kazuhiro and Rona, Gabor and Spector, Phillip and Watts, Sean and Blumbergs, Bernhards},
  title={{Tallinn Manual 2.0 on the International Law Applicable to Cyber Operations}},
  publisher={{Cambridge University Press}},
  isbn={978-1-107-17722-2},
  year={2017},
  address={Cambridge, UK}
}

@Techreport{RFC2460,
  author={S. Deering and R. Hinden},
  title={{Internet Protocol, Version 6 (IPv6) Specification}},
  note={Standards Track},
  type={RFC},
  number={2460},
  year={1998},
  month={December},
  publisher={RFC Editor},
  institution={IETF Secretariat}
}

@Article{Blumbergs2014,
  author={Bernhards Blumbergs},
  title={{Technical Analysis of Advanced Threat Tactics Targeting Critical Information Infrastructure}},
  journal={{Cyber Security Review}},
  year={2014},
  pages={25-36}
}

@Inproceedings{Blumbergs2016,
    author="Blumbergs, Bernhards
    and Pihelgas, Mauno
    and Kont, Markus
    and Maennel, Olaf
    and Vaarandi, Risto",
    editor="Brumley, Billy Bob
    and R{\"o}ning, Juha",
    title={{Creating and Detecting IPv6 Transition Mechanism-Based Information Exfiltration Covert Channels}},
    bookTitle="Secure IT Systems: 21st Nordic Conference, NordSec 2016",
    address={Oulu, Finland},
    year={2016},
    month={November},
    publisher={Springer International Publishing},
    pages={85--100}
}

@InProceedings{Farar2017,
    author={Alexandria F\'{a}rar and Hayretdin Bahsi and Bernhards Blumbergs},
    title={{A Case Study About the Use and Evaluation of Cyber Deceptive Methods Against Highly Targeted Attacks}},
    booktitle={Proceedings of Cyber Incident 2017},
    year={2017},
    month={June},
    address={London, UK},
    publisher={IEEE},
    pages={1-7}
}

@Techreport{EC3-2017-7,
  author={{European Cybercrime Centre}},
  title={{Cyber Bits: IPv6 vulnerability}},
  institution={EUROPOL},
  year={2017},
  type={{Intelligence Notification, Europol Unclassified - Basic Protection Level (BPL)}}
}

@INPROCEEDINGS{Vaarandi2015,
author={R. Vaarandi and B. Blumbergs and E. \c{C}al\i\c{s}kan},
booktitle={{2015 IEEE International Multi-Disciplinary Conference on Cognitive Methods in Situation Awareness and Decision Support}},
title={{Simple event correlator - Best practices for creating scalable configurations}},
year={2015},
pages={96-100},
keywords={public domain software;system monitoring;SEC;event correlation;open source event correlation tool;prominent monitoring technique;simple event correlator;situational awareness;Conferences;Context;Correlation;IP networks;Monitoring;Pattern matching;Reactive power;Simple Event Correlator;event correlation;event processing;log file analysis},
doi={10.1109/COGSIMA.2015.7108181},
ISSN={2379-1667},
address={Orlando, USA},
month={March},
publisher={IEEE}
}

@Misc{XS16,
  author={{NATO CCDCOE}},
  title={{Cyber Defence Exercise Focuses on Vulnerability Testing}},
  howpublished={\url{https://ccdcoe.org/cyber-defence-exercise-focuses-vulnerability-testing.html}},
  year={2016},
  note={Accessed: 04/06/2018}
}

@Misc{XS17,
  author={{NATO CCDCOE}},
  title={{Crossed Swords: Cyber Defence Exercise Focuses on Responsive Cyber Defence Scenario}},
  howpublished={\url{https://ccdcoe.org/cyber-defence-exercise-focuses-responsive-cyber-defence-scenario.html}},
  year={2017},
  note={Accessed: 26/06/2017}
}

@Misc{XS18,
  author={{NATO CCDCOE}},
  title={{Exercise Crossed Swords Practised Cyber-Kinetic Operations in Latvia}},
  howpublished={\url{https://ccdcoe.org/exercise-crossed-swords-practised-cyber-kinetic-operations-latvia.html}},
  year={2018},
  note={Accessed: 04/06/2018}
}
    
@Misc{LS17,
  author={{NATO CCDCOE}},
  title={{Locked Shields 2017}},
  howpublished={\url{https://ccdcoe.org/locked-shields-2017.html}},
  year={2017},
  note={Accessed: 05/06/2018}
}

@Misc{LS18,
  author={{NATO CCDCOE}},
  title={{Locked Shields 2018}},
  howpublished={\url{https://ccdcoe.org/largest-international-live-fire-cyber-defence-exercise-world-be-launched-next-week.html}},
  year={2018},
  note={Accessed: 14/07/2018}
}

@Techreport{Vaisanen2015,
  author={T. V\"{a}isanen and A. Farar and N. Pissanidis and C. Braccini and B. Blumbergs and E. Diez},
  title={{Defending mobile devices for high level officials and decision-makers}},
  institution={NATO CCDCOE},
  year={2015},
  type={White paper}
}

@Inproceedings{Kont2017,
  author={M. Kont and M. Pihelgas and K. Maennel and B. Blumbergs and T. Lepik},
  bookTitle={{Milcom 2017 Track 3 - Cyber Security and Trusted Computing}},
  title={{Frankenstack: Toward Real-time Red Team Feedback}},
  publisher={{IEEE}},
  pages={400-405},
  year={2017},
  month={November},
  address={Baltimore, USA},
  ISSN={978-1-5386-0595-0/17}
}

@Inproceedings{Blumbergs2017,
  author={B. Blumbergs and R. Vaarandi},
  booktitle={{Milcom 2017 Track 3 - Cyber Security and Trusted Computing}},
  title={{Bbuzz: A Bit-aware Fuzzing Framework for Network Protocol Systematic Reverse Engineering and Analysis}},
  publisher={{IEEE}},
  pages={707-712},
  year={2017},
  month={November},
  address={Baltimore, USA},
  doi={10.1109/MILCOM.2017.8170785},
  ISSN={978-1-5386-0595-0/17}
}

@Inproceedings{Vaarandi2018,
  author={R. Vaarandi and B. Blumbergs and M. Kont},
  booktitle={{IEEE/IFIP Network Operations and Management Symposium}},
  title={{An Unsupervised Framework for Detecting Anomalous Messages from Syslog Log Files}},
  publisher={{IEEE}},
  year={2018},
  month={April},
  pages={1-6},
  address={Taipei, Taiwan},
  ISSN={978-1-5386-3416-5/18}
}

@Misc{ICS-CERT2018,
  author={{DHS ICS-CERT}},
  title={{Advisory (ICSA-18-142-01) Martem TELEM-GW6/GWM}},
  howpublished={\url{https://ics-cert.us-cert.gov/advisories/ICSA-18-142-01}},
  year={2018},
  note={Accessed: 04/06/2018}
}
    
@Misc{CVE-2018-10607,
  author={{MITRE}},
  title={{CVE-2018-10607}},
  howpublished={\url{https://cve.mitre.org/cgi-bin/cvename.cgi?name=CVE-2018-10607}},
  year={2018},
  note={Accessed: 04/06/2018}
}
    
@Misc{CVE-2018-10605,
  author={{MITRE}},
  title={{CVE-2018-10605}},
  howpublished={\url{https://cve.mitre.org/cgi-bin/cvename.cgi?name=CVE-2018-10605}},
  year={2018},
  note={Accessed: 04/06/2018}
}

@Misc{CVE-2018-10603,
  author={{MITRE}},
  title={{CVE-2018-10603}},
  howpublished={\url{https://cve.mitre.org/cgi-bin/cvename.cgi?name=CVE-2018-10603}},
  year={2018},
  note={Accessed: 04/06/2018}
}
    
@Misc{CVE-2018-10609,
  author={{MITRE}},
  title={{CVE-2018-10609}},
  howpublished={\url{https://cve.mitre.org/cgi-bin/cvename.cgi?name=CVE-2018-10609}},
  year={2018},
  note={Accessed: 04/06/2018}
}
    
@Misc{MartemSA1805182,
  author={{Martem AS}},
  title={{Cyber security advisory SA 1805182. IEC - 104 protocol unsanctioned control command injection vulnerability in Telem - GW devices}},
  howpublished={\url{http://martem.eu/csa/Martem_CSA_Telem_1805182.pdf}},
  year={2018},
  note={Accessed: 14/07/2018}
}

@Misc{MartemSA1805184,
  author={{Martem AS}},
  title={{Cyber security advisory SA 1805184. TELEM - GW IEC - 104 communication channel DoS}},
  howpublished={\url{http://martem.eu/csa/Martem_CSA_Telem_1805184.pdf}},
  year={2018},
  note={Accessed: 14/07/2018}
}

@Misc{MartemGWSmanual,
  author={{Martem AS}},
  title={{Configuration tool TELEM -GWS User Manual. Chapter 8. Security Considerations}},
  howpublished={\url{https://phobos.martem.ee/shr/dsum/Telem-GWS_usermanual.pdf}},
  year={2018},
  note={Accessed: 14/07/2018}
}

@Misc{UK2018,
  author={{UK Foreign Office}},
  title={{Foreign Office Minister condemns Russia for NotPetya attacks}},
  howpublished={\url{https://www.gov.uk/government/news/foreign-office-minister-condemns-russia-for-notpetya-attacks}},
  year={2018},
  note={Accessed: 04/06/2018}
}
    
@Misc{BBC2017,
  author={{BBC}},
  title={{Cyber-attack: US and UK blame North Korea for WannaCry}},
  howpublished={\url{http://www.bbc.com/news/world-us-canada-42407488}},
  year={2017},
  note={Accessed: 04/06/2018}
}
    
@Misc{Cymmetria,
  author={{Cymmetria}},
  title={{Hunt attackers with MazeRunner}},
  howpublished={\url{https://cymmetria.com/product/mazerunner/}},
  year={2018},
  note={Accessed: 05/06/2018}
}
    
@Misc{SFCT17,
  author={{NATO C2 CoE}},
  title={{STEADFAST COBALT 2017}},
  howpublished={\url{https://c2coe.org/exercises/steadfast-cobalt-2017/}},
  year={2017},
  note={Accessed: 05/06/2018}
}
    
@Misc{Kovacs2018,
  author={{E. Kovacs}},
  title={{Vulnerabilities Found in RTUs Used by European Energy Firms}},
  howpublished={\url{https://www.securityweek.com/vulnerabilities-found-rtus-used-european-energy-firms}},
  year={2018},
  note={Accessed: 05/06/2018}
}
    
@Misc{SecFocus2018,
  author={{SecurityFocus}},
  title={{Multiple Martem Products Multiple Security Vulnerabilities}},
  howpublished={\url{https://www.securityfocus.com/bid/104286}},
  year={2018},
  note={Accessed: 05/06/2018}
}
    
@INPROCEEDINGS{Popp2001,
author={M. Popp and P. Wenzel},
booktitle={ETFA 2001. 8th International Conference on Emerging Technologies and Factory Automation. Proceedings (Cat. No.01TH8597)},
title={{PROFInet-linking worlds}},
year={2001},
volume={2},
number={},
pages={519-522 vol.2},
doi={10.1109/ETFA.2001.997727},
ISSN={},
month={Oct},}

@INPROCEEDINGS{Baud2006,
author={M. Baud and M. Felser},
booktitle={2006 IEEE Conference on Emerging Technologies and Factory Automation},
title={{Profinet IO-Device Emulator based on the Man-in-the-middle Attack}},
year={2006},
volume={},
number={},
pages={437-440},
doi={10.1109/ETFA.2006.355228},
ISSN={1946-0740},
month={Sept},}

@Techreport{Siemens2008,
  author={{Siemens Industry Sector}},
  title={{Automate with the open Industrial Ethernet standard and profit now. PROFINET}},
  institution={Siemens AG},
  year={2008},
  type={White paper}
}

@MastersThesis{ZiBin2008,
    author     =     {Zi Bin, Cheah},
    title     =     {{Testing and Exploring Vulnerabilities of the Applications Implementing IEC 60870-5-104 Protocol}},
    school     =     {KTH Electrical Engineering},
    address     =     {Stockholm, Sweden},
    year     =     {2008},
    }

@InProceedings{Akerberg2009-1,
author="{\AA}kerberg, Johan
and Bj{\"o}rkman, Mats",
editor="Buth, Bettina
and Rabe, Gerd
and Seyfarth, Till",
title="Exploring Network Security in PROFIsafe",
booktitle="Computer Safety, Reliability, and Security",
year="2009",
publisher="Springer Berlin Heidelberg",
address="Berlin, Heidelberg",
pages="67--80",
}

@INPROCEEDINGS{Akerberg2009-2,
author={J. {\AA}kerberg and M. Bj{\"o}rkman},
booktitle={2009 33rd Annual IEEE International Computer Software and Applications Conference},
title={{Exploring Security in PROFINET IO}},
year={2009},
volume={1},
number={},
pages={406-412},
doi={10.1109/COMPSAC.2009.61},
ISSN={0730-3157},
month={July},}

@INPROCEEDINGS{Akerberg2009-3,
author={J. {\AA}kerberg and M. Bj{\"o}rkman},
booktitle={2009 IEEE Conference on Emerging Technologies Factory Automation},
title={{Introducing security modules in PROFINET IO}},
year={2009},
volume={},
number={},
pages={1-8},
doi={10.1109/ETFA.2009.5347205},
ISSN={1946-0740},
month={Sept},}

@INPROCEEDINGS{Dondossola2011,
author={G. Dondossola and F. Garrone and J. Szanto},
booktitle={2011 IEEE Power and Energy Society General Meeting},
title={Cyber risk assessment of power control systems -- A metrics weighed by attack experiments},
year={2011},
volume={},
number={},
pages={1-9},
doi={10.1109/PES.2011.6039589},
ISSN={1932-5517},
month={July},}

@Book{Knapp2014,
  author={Knapp, Eric and Langill, Joel Thomas},
  title={{ Industrial Network Security. 2nd Edition}},
  publisher={Elsevier},
  month={December},
  year={2014}
}

@Article{Pidikiti2013,
author="Pidikiti, Durga Samanth
and Kalluri, Rajesh
and Kumar, R. K. Senthil
and Bindhumadhava, B. S.",
title={{SCADA communication protocols: vulnerabilities, attacks and possible mitigations}},
journal="CSI Transactions on ICT",
year="2013",
month="Jun",
day="01",
volume="1",
number="2",
pages="135--141",
doi="10.1007/s40012-013-0013-5",
}

@InProceedings{Paul2013,
author="Paul, Andreas
and Schuster, Franka
and K{\"o}nig, Hartmut",
editor="Rieck, Konrad
and Stewin, Patrick
and Seifert, Jean-Pierre",
title={{Towards the Protection of Industrial Control Systems -- Conclusions of a Vulnerability Analysis of Profinet IO}},
booktitle="Detection of Intrusions and Malware, and Vulnerability Assessment",
year="2013",
publisher="Springer Berlin Heidelberg",
address="Berlin, Heidelberg",
pages="160--176",
}

@INPROCEEDINGS{MYang2014,
author={M. Yang and G. Li},
booktitle={2014 Fourth International Conference on Instrumentation and Measurement, Computer, Communication and Control},
title={{Analysis of PROFINET IO Communication Protocol}},
year={2014},
volume={},
number={},
pages={945-949},
doi={10.1109/IMCCC.2014.199},
ISSN={},
month={Sept},}

@INPROCEEDINGS{YYang2014,
author={Y. Yang and K. McLaughlin and S. Sezer and Y. B. Yuan and W. Huang},
booktitle={2014 IEEE PES General Meeting. Conference Exposition},
title={{Stateful intrusion detection for IEC 60870-5-104 SCADA security}},
year={2014},
volume={},
number={},
pages={1-5},
doi={10.1109/PESGM.2014.6939218},
ISSN={1932-5517},
month={July},}

@inproceedings{Maynard2014,
 author = {Maynard, Peter and McLaughlin, Kieran and Haberler, Berthold},
 title = {{Towards Understanding Man-In-The-Middle Attacks on IEC 60870-5-104 SCADA Networks}},
 booktitle = {Proceedings of the 2Nd International Symposium on ICS \& SCADA Cyber Security Research 2014},
 series = {ICS-CSR 2014},
 year = {2014},
 location = {St P\ölten, Austria},
 pages = {30--42},
 numpages = {13},
 doi = {10.14236/ewic/ics-csr2014.5},
 acmid = {2735332},
 publisher = {BCS},
 address = {UK},
 keywords = {Cyber-security, IEC 60870-5-104, Man-in-the-middle attacks, SCADA},
} 

@MastersThesis{Krekers2017,
    author     =     {Krekers, Max},
    title     =     {{Assessing the Security of IEC 60870-5-104 Implementations using Automata Learning}},
    school     =     {University of Twente},
    address     =     {Enschede, Netherlands},
    year     =     {2017},
    }

@Techreport{Matousek2017,
  author={Matou\v{s}ek, Petr},
  title={{Description and analysis of IEC 104 Protocol }},
  institution={Brno University of Technology},
  year={2017},
  month={December},
  type={Tecnical report}
}

@Article{Burtsev2017,
author="Burtsev, A. G.  and Klishevich, D. M.  and Polyanskii, A. V.",
title="Protection of standard network protocols of automated production control systems",
journal="Russian Engineering Research",
year="2017",
month="Mar",
volume="37",
number="3",
pages="224--232",
doi="10.3103/S1068798X17030066",
}

@Article{Pfrang2018,
author="Pfrang, Steffen and Meier, David",
title="Detecting and preventing replay attacks in industrial automation networks operated with profinet IO",
journal="Journal of Computer Virology and Hacking Techniques",
year="2018",
month="Feb",
doi="10.1007/s11416-018-0315-0",
}

@Techreport{NSA2018,
  author={{Cybersecurity Requirements Cente}},
  title={{NSA's top ten cybersecurity mitigation strategies}},
  institution={National Security Agency},
  year={2018},
  month={March},
  type={White paper}
}

@Misc{Wired2011,
  author={Zetter, Kim},
  title={{Attack Code for SCADA Vulnerabilities Released Online}},
  howpublished={\url{https://www.wired.com/2011/03/scada-vulnerabilities/}},
  year={2011},
  note={Accessed: 08/07/2018}
}

@Misc{Auriemma,
  author={Auriemma, Luigi},
  title={{Luigi Auriemma Proof Of Concepts}},
  howpublished={\url{http://aluigi.altervista.org/poc.htm}},
  note={Accessed: 08/07/2018}
}

@Misc{MartemiGW6,
  author={Martem AS},
  title={{Telem-GW6 Data Concentrator}},
  howpublished={\url{http://martem.ee/telem-gw6/}},
  note={Accessed: 08/07/2018}
}

@Misc{Profinet,
  author={{PROFIBUS Nutzerorganisation e.V.}},
  title={{PROFINET - the leading Industrial Ethernet Standard }},
  howpublished={\url{https://www.profibus.com/technology/profinet/}},
  note={Accessed: 08/07/2018}
}

@Misc{IEC-104,
  author={{IEC}},
  title={{Internationl Standard: IEC 60870-5-104. Transmission protocols – Network access for IEC 60870-5-101  using standard transport profiles. 2nd ed. 2006-06.}},
  howpublished={\url{https://webstore.iec.ch/preview/info_iec60870-5-104%7Bed2.0%7Den_d.pdf}},
  year={2006},
  note={Accessed: 08/07/2018}
}

@Misc{WEC2016,
  author={{World Energy Council}},
  title={{World Energy Perspectives 2016. The Road to Resilience - Managing Cyber Risks}},
  howpublished={\url{https://www.worldenergy.org/wp-content/uploads/2016/09/20160906_Resilience_Cyber_Executive_Summary_WEB.pdf}},
  year={2016},
  note={Accessed: 11/07/2018}
}

@Misc{Great2016,
  author={{GReAT}},
  title={{BlackEnergy APT Attacks in Ukraine employ spearphishing with Word documents}},
  howpublished={\url{https://securelist.com/blackenergy-apt-attacks-in-ukraine-employ-spearphishing-with-word-documents/73440/}},
  year={2016},
  note={Accessed: 11/07/2018}
}

@Misc{Great2012,
  author={{GReAT}},
  title={{Shamoon the Wiper – Copycats at Work}},
  howpublished={\url{https://securelist.com/shamoon-the-wiper-copycats-at-work/57854/}},
  year={2012},
  note={Accessed: 11/07/2018}
}

@Misc{FireEye2012,
  author={Kindlund, Darien},
  title={{Flamer/sKyWIper Malware: Analysis}},
  howpublished={\url{https://www.fireeye.com/blog/threat-research/2012/05/flamerskywiper-analysis.html}},
  year={2012},
  note={Accessed: 11/07/2018}
}

@Misc{CCDCOE2016,
  author={Min{\`a}rik, Tom{\`a}{\vs}},
  title={{NATO Recognises Cyberspace as a ‘Domain of Operations’ at Warsaw Summit}},
  howpublished={\url{https://ccdcoe.org/nato-recognises-cyberspace-domain-operations-warsaw-summit.html}},
  year={2016},
  note={Accessed: 11/07/2018}
}

@Misc{USCERT2018,
  author={{US-CERT}},
  title={{Alert (TA18-074A). Russian Government Cyber Activity Targeting Energy and Other Critical Infrastructure Sectors}},
  howpublished={\url{https://www.us-cert.gov/ncas/alerts/TA18-074A}},
  year={2018},
  note={Accessed: 12/07/2018}
}

@Misc{Symantec2014,
  author={{MSS Global Threat Response}},
  title={{Emerging Threat: Dragonfly / Energetic Bear – APT Group}},
  howpublished={\url{https://www.symantec.com/connect/blogs/emerging-threat-dragonfly-energetic-bear-apt-group}},
  year={2014},
  note={Accessed: 12/07/2018}
}

@Misc{FireEyeAPT,
  author={{FireEye}},
  title={{Advanced Persistent Threat Groups. Who's who of cyber threat actors.}},
  howpublished={\url{https://www.fireeye.com/current-threats/apt-groups.html}},
  year={2018},
  note={Accessed: 12/07/2018}
}

@Misc{cvssv3,
  author={{FIRST}},
  title={{Common Vulnerability Scoring System Version 3.0 Calculator}},
  howpublished={\url{https://www.first.org/cvss/calculator/3.0}},
  year={2018},
  note={Accessed: 14/07/2018}
}

@Misc{Mayor,
  author={{MAYR Software}},
  title={{LIAN98 Manual. IEC 60870-5-104: Telegram structure}},
  howpublished={\url{http://www.mayor.de/lian98/doc.en/html/u_iec104_struct.htm}},
  year={2006},
  note={Accessed: 16/07/2018}
}

@Misc{Thomas2013,
  author={Peter Thomas},
  title={{An Introduction to PROFINET Frame Analysis using Wireshark}},
  howpublished={\url{https://profibusgroup.files.wordpress.com/2013/01/w4-profinet-frame-analysis-peter-thomas.pdf}},
  year={2013},
  note={Accessed: 02/08/2018}
}

@Book{Rathaus2007,
  author={Rathaus, Noam and Evron, Gadi},
  title={{Open Source Fuzzing Tools}},
  publisher={Syngress Publishing},
  isbn = {9780080555614, 9781597491952},
  month={December},
  year={2007}
}


@InBook{Regaldo2015,
  author = {Daniel egaldo et.al.},
  title = {{Gray Hat Hacking: The Ethical Hacker's Handbook}},
  edition = 4,
  chapter = 5,
  pages = {117 - 142},
  publisher = {McGraw-Hill Education},
  isbn = {0071832386, 9780071832380},
  month = {January},
  year = 2015
}

@Inbook{Banks2006,
author="Banks, Greg
and Cova, Marco
and Felmetsger, Viktoria
and Almeroth, Kevin
and Kemmerer, Richard
and Vigna, Giovanni",
title="SNOOZE: Toward a Stateful NetwOrk prOtocol fuzZEr",
bookTitle="Information Security: 9th International Conference, ISC 2006, Samos Island, Greece, August 30 - September 2, 2006. Proceedings",
year="2006",
publisher="Springer Berlin Heidelberg",
address="Berlin, Heidelberg",
pages="343--358",
isbn="978-3-540-38343-7",
doi="10.1007/11836810_25",
url="http://dx.doi.org/10.1007/11836810_25"
}

@Article{Gorbunov2010,
  author={Serge Gorbunov and Arnold Rosenbloom},
  title={{AutoFuzz: Automated Network Protocol  Fuzzing Framework}},
  journal={nternational Journal of Computer Science and Network Security},
  pages={239-245},
  year={2010},
  month={August},
  number=8,
  volume=10
}

@INPROCEEDINGS{Johansson2014,
author={W. Johansson and M. Svensson and U. E. Larson and M. Almgren and V. Gulisano},
booktitle={2014 IEEE Seventh International Conference on Software Testing, Verification and Validation},
title={T-Fuzz: Model-Based Fuzzing for Robustness Testing of Telecommunication Protocols},
year={2014},
pages={323-332},
keywords={Long Term Evolution;conformance testing;program testing;protocols;telecommunication computing;LTE protocol;T-fuzz;code testing coverage;conformance testing environment;critical socio-economical functions;governmental functions;model-based fuzzing;robustness testing;software quality assurance;telecommunication networks;telecommunication protocols;uptime availability;Availability;Engines;Observers;Protocols;Robustness;Testing;TTCN-3;fuzzing;protocol;robustness testing;telecom},
doi={10.1109/ICST.2014.45},
ISSN={2159-4848},
month={March},
}

@INPROCEEDINGS{Zhao2013,
author={J. Zhao and S. Chen and S. Liang and B. Cui and X. Song},
booktitle={2013 Eighth International Conference on P2P, Parallel, Grid, Cloud and Internet Computing},
title={RFSM-Fuzzing a Smart Fuzzing Algorithm Based on Regression FSM},
year={2013},
pages={380-386},
keywords={Zigbee;access protocols;finite state machines;regression analysis;telecommunication security;wireless sensor networks;MAC layer;RFSM-fuzzing;ZigBee protocol;defect detection;effective testing technique;regression FSM;regression finite state machine fuzzing;smart fuzzing algorithm;test automation;wireless communication protocols;wireless sensor network;Algorithm design and analysis;Automata;Protocols;Security;Silicon;Testing;Zigbee;FSM;Fuzzing test;Zigbee;vulnerability},
doi={10.1109/3PGCIC.2013.65},
month={October},
}

@Misc{MicrosoftSDL,
    title={{Microsoft SDL}},
    howpublished={\url{https://www.microsoft.com/en-us/sdl/}},
    note={Accessed: 27/03/2017}
}

@Misc{AppleSDL,
    title={{Apple secure coding guide}},
    howpublished={\url{https://developer.apple.com/library/content/documentation/Security/Conceptual/SecureCodingGuide/Introduction.html}},
    note={Accessed: 27/03/2017}
}

@Misc{FacebookSDL,
    title={{Facebook app development cycles}},
    howpublished={\url{https://developers.facebook.com/docs/apps/managing-development-cycle}},
    note={Accessed: 27/03/2017}
}

@Misc{Kali,
    title={{Kali Linux Tools}},
    howpublished={\url{http://tools.kali.org/tools-listing}},
    note={Accessed: 28/03/2017}
}

@Misc{BlackArch,
    title={{Black Arch Linux Fuzzers}},
    howpublished={\url{https://blackarch.org/fuzzer.html}},
    note={Accessed: 28/03/2017}
}

@Misc{Sulley,
    title={{Sulley fuzzing framework}},
    howpublished={\url{https://github.com/OpenRCE/sulley}},
    note={Accessed: 29/03/2017}
}

@Misc{Boofuzz,
    title={{boofuzz: Network Protocol Fuzzing for Humans}},
    howpublished={\url{https://github.com/jtpereyda/boofuzz}},
    note={Accessed: 29/03/2017}
}


@Misc{Boofuzz88,
    title={{Fuzz a bitfield of various fixed bit sizes \#88}},
    howpublished={\url{https://github.com/jtpereyda/boofuzz/issues/88}},
    note={Accessed: 29/03/2017}
}

@Misc{Peach,
    title={{Peach Community Edition}},
    howpublished={\url{http://www.peachfuzzer.com/resources/peachcommunity/}},
    note={Accessed: 28/03/2017}
}

@Misc{PeachIPv6,
    title={{IPv6 Peach Pit Data Sheet}},
    howpublished={\url{http://www.peachfuzzer.com/wp-content/uploads/IPv6.pdf}},
    note={Accessed: 29/03/2017}
}

@Misc{Spike,
    title={{The Advantages of Block-Based Protocol Analysis for Security Testing}},
    howpublished={\url{http://www.immunitysec.com/downloads/advantages_of_block_based_analysis.html}},
    note={Accessed: 30/03/2017}
}

@Misc{Taof,
    title={{Taof - The art of fuzzing}},
    howpublished={\url{https://sourceforge.net/projects/taof/}},
    note={Accessed: 29/03/2017}
}

@Misc{Zzuf,
    title={{Zzuf - Multi-Purpose Fuzzer}},
    howpublished={\url{http://caca.zoy.org/wiki/zzuf}},
    note={Accessed: 29/03/2017}
}

@Misc{afl,
    title={{American fuzzy lop}},
    howpublished={\url{http://lcamtuf.coredump.cx/afl/}},
    note={Accessed: 29/03/2017}
}

@Misc{Bbuzz,
    title={{Bbuzz: bit-aware fuzz-testing framework}},
    howpublished={\url{https://github.com/lockout/Bbuzz}},
    note={Accessed: 30/03/2017}
}

@Techreport{STANAG5501,
  author={{NATO Standartization Agency}},
  title={{STANAG 5501, Tactical Data Exchange - Link 1 (Point-to-Point), Ed.7}},
  institution={{North Atlantic Treaty Organization}},
  year={2015},
  type={Standartization Agreement}
}


@INPROCEEDINGS{Zhang2014,
author={S. D. Zhang and L. Y. Zhang},
booktitle={The 2014 2nd International Conference on Systems and Informatics (ICSAI 2014)},
title={Vulnerability mining for network protocols based on fuzzing},
year={2014},
pages={644-648},
doi={10.1109/ICSAI.2014.7009365},
month={November},
}


@Inproceedings{Zheng2002,
    author={Qingguo Zheng and Ke Xu and Weifeng Lv and Shilong Ma},
    title={{Intelligent Search of Correlated Alarms from Database Containing Noise Data}},
    booktitle={2002 IEEE/IFIP Network Operations and Management Symposium},
    pages={405-419},
    year={2002}
}


@Inproceedings{Daniela2009,
  author={Daniela Brauckhoff and Xenofontas Dimitropoulos and Arno Wagner and Kav\`{e} Salamatian},
  title={{Anomaly Extraction in Backbone Networks using Association Rules}},
  booktitle={2009 ACM SIGCOMM Internet Measurement Conference},
  pages={28-34},
  year={2009}
}

@Inproceedings{Vaarandi2004,
  author={Risto Vaarandi},
  title={{A Breadth-First Algorithm for Mining Frequent Patterns from Event Logs}},
  booktitle={2004 IFIP International Conference on Intelligence in Communication Systems},
  publisher={LNCS},
  volume={3283},
  pages={293-308},
  year={2004}
}

@Techreport{Brangetto2015,
  author={Brangetto, P. and \c{C}al\i\c{s}kan, E. and R\~{o}igas, H.},
  publisher={{NATO CCD CoE}},
  institution={{NATO CCD CoE}},
  title={{Cyber Red Teaming - Organisational, technical and legal implications in a military context}},
  year={2015}
}

@Techreport{Langner2013,
  author={Ralph Langner},
  title={{To Kill a Centrifuge}},
  institution={The Langner Group},
  year={2013},
  type={Technical Report}
}

@Techreport{Symantec2011,
  author={{Symantec Security Response}},
  title={{W32.Duqu - The precursor to the next Stuxnet}},
  institution={Symantec},
  year={2011},
  month={November},
  type={Technical Report}
}

@Techreport{McAfee2011,
  author={{McAfee Foundstone Professional Services and McAfee Labs}},
  title={{Global Energy Cyberattacks: ``Night Dragon''}},
  institution={McAfee},
  year={2011},
  month={February},
  type={Technical Report}
}

@Techreport{Deiber2009,
  author={Ron Deiber and Rafal Rohozinski},
  title={{Tracking GhostNet:Investigating a Cyber Espionage Network}},
  institution={{Munk Centre for International Studies, University of Toronto and The SecDev Group}},
  year={2009},
  month={March},
  type={White paper}
}

@Misc{Great2013,
  author={{Kaspersky GReAT}},
  title={{``Red October'' Diplomatic Cyber Attacks Investigation}},
  howpublished={\url{https://securelist.com/red-october-diplomatic-cyber-attacks-investigation/36740/}},
  year={2013},
  month={January},
  note={Accessed 13/09/2018}
}


@Article{A4,
  author={},
  title={{}},
  journal={},
  pages={},
  year={},
  month={}
}
@Book{A0,
  author={},
  title={{}},
  publisher={},
  month={},
  year={}
}
@Techreport{A1,
  author={},
  title={{}},
  institution={},
  year={},
  type={White paper}
}
@Inproceedings{A2,
  author={},
  booktitle={{}},
  title={{}},
  publisher={},
  year={},
  month={}
}
@Misc{A3,
  author={},
  title={{}},
  howpublished={{}},
  year={},
  note={Presentation}
}
