@Techreport{Sandia2003,
    author={Jason Stamp and John Dillinger and William Young and Jennifer DePoy},
    title={{Common Vulnerabilities in Critical Infrastructure Control Systems}},
    institution={{Sandia National Laboratories}},
    year={2003},
    month={May},
    type={Technical report}
}

@article{Boukerche2007,
    title = "An agent based and biological inspired real-time intrusion detection and security model for computer network operations",
    journal = "Computer Communications",
    volume = "30",
    number = "13",
    pages = "2649 - 2660",
    year = "2007",
    author = "Azzedine Boukerche and Renato B. Machado and Kathia R.L. Juc\`{a} and Jo\~{a}o Bosco M. Sobral and Mirela S.M.A. Notare",
}

@Techreport{Longbine2008,
    author={David F. Longbine},
    title={{Red Teaming: Past and Present}},
    institution={{School of Advanced Military Studies, United States Army Command and General Staff College}},
    year={2008},
    month={May},
    type={Monograph}
}

@article{Mansfield2009,
    title = "Hacking the hackers",
    journal = {{Computer Fraud \& Security}},
    volume = "2009",
    number = "6",
    pages = "10 - 13",
    year = "2009",
    month = "June",
    author = "Steve Mansfield-Devine"
}

@incollection{Mulvenon2009,
    author       = {James Mulvenon}, 
    title        = {{PLA Computer Network Operations: Scenarios, Doctrine, Organizations, and Capability}},
    booktitle    = {{Beyond the Strait: PLA Missions Other Than Taiwan}},
    publisher    = {{US Strategic Studies Institute}},
    year         = 2009,
    editor       = {Roy Kamphausen and David Lai and Andrew Scobell},
    chapter      = 8,
    pages        = {253-285},
    address      = {The address of the publisher},
    month        = {April}
}

@article{Hutchins2011,
    author = {M Hutchins, Eric and J Cloppert, Michael and M Amin, Rohan},
    year = {2011},
    month = {01},
    title = {Intelligence-Driven Computer Network Defense Informed by Analysis of Adversary Campaigns and Intrusion Kill Chains},
    volume = {1},
    journal = {{Leading Issues in Information Warfare \& Security Research}}
}

@article{Geers2010,
    title = "The challenge of cyber attack deterrence",
    journal = "Computer Law \& Security Review",
    volume = "26",
    number = "3",
    pages = "298 - 303",
    year = "2010",
    author = "Kenneth Geers",
}

@article{Nicholson2012,
    author = {Nicholson, A. and Webber, S. and Dyer, S. and Patel, T. and Janicke, H.},
    title = {{SCADA Security in the Light of Cyber-Warfare}},
    journal = {Comput. Secur.},
    issue_date = {June, 2012},
    volume = {31},
    number = {4},
    month = jun,
    year = {2012},
    pages = {418--436},
    numpages = {19},
    publisher = {Elsevier Advanced Technology Publications},
    address = {Oxford, UK, UK},
} 

@inproceedings{Leblanc2011,
    author = {Leblanc, Sylvain P. and Partington, Andrew and Chapman, Ian and Bernier, M{\'e}lanie},
    title = {An Overview of Cyber Attack and Computer Network Operations Simulation},
    booktitle = {Proceedings of the 2011 Military Modeling \& Simulation Symposium},
    series = {MMS '11},
    year = {2011},
    location = {Boston, Massachusetts},
    pages = {92--100},
    numpages = {9},
    publisher = {Society for Computer Simulation International},
    address = {San Diego, CA, USA},
} 

@inproceedings{Mauer2012,
  title={Developing Small Team-based Cyber Security Exercises},
  author={Brandon Mauer and William Stackpole and Daryl Johnson},
  booktitle={{SAM'12 - The 2012 International Conference on Security and Management}},
  location={Las Vegas, NV, USA},
  year={2012},
  month={July}
}

@INPROCEEDINGS{Applegate2012,
    author={S. D. Applegate},
    booktitle={2012 4th International Conference on Cyber Conflict (CYCON 2012)},
    title={The principle of maneuver in cyber operations},
    year={2012},
    pages={1-13},
    month={June}
}

@article{Heckman2013,
    title = "Active cyber defense with denial and deception: AÂ cyber-wargame experiment",
    journal = "Computers \& Security",
    volume = "37",
    pages = "72 - 77",
    year = "2013",
    author = "Kristin E. Heckman and Michael J. Walsh and Frank J. Stech and Todd A. O'Boyle and Stephen R. DiCato and Audra F. Herber",
}

@inproceedings{Provos2004,
    author = {Provos, Niels},
    title = {A Virtual Honeypot Framework},
    booktitle = {Proceedings of the 13th Conference on USENIX Security Symposium - Volume 13},
    series = {SSYM'04},
    year = {2004},
    location = {San Diego, CA},
    pages = {1--1},
    numpages = {1},
    publisher = {USENIX Association},
    address = {Berkeley, CA, USA},
} 

@article{Denning2014,
    title = "Framework and principles for active cyber defense",
    journal = "Computers \& Security",
    volume = "40",
    pages = "108 - 113",
    year = "2014",
    author = "Dorothy E. Denning",
}

@article{Bradbury2013,
    author = {Bradbury, Danny},
    year = {2013},
    month = {07},
    pages = {9 - 12},
    title = {Offensive defence},
    volume = {2013},
    journal = {Network Security}
}

@article{Schmitt2002,
    title={Wired warfare: Computer network attack and jus in bello},
    volume={84},
    number={846},
    journal={Revue Internationale de la Croix-Rouge/International Review of the Red Cross},
    publisher={Cambridge University Press},
    author={Schmitt, Michael N.},
    year={2002},
    pages={365-399}
}

@InProceedings{Lu2013,
    author="Lu, Wenlian and Xu, Shouhuai and Yi, Xinlei",
    editor="Das, Sajal K. and Nita-Rotaru, Cristina and Kantarcioglu, Murat",
    title="Optimizing Active Cyber Defense",
    booktitle="Decision and Game Theory for Security",
    year="2013",
    publisher="Springer International Publishing",
    address="Cham",
    pages="206--225",
}


@Article{Adkins2013,
  author={Adkins, Gary},
  title={{Red Teaming the Red Team: Utilizing Cyber Espionage to Combat Terrorism}},
  journal={Journal of Strategic Security},
  pages={1-9},
  year={2013},
  volume={6},
  number={5}
}

@Techreport{UK2013,
  author={{The Development, Concepts and Doctrine Centre}},
  title={{Red Teaming Guide, 2nd ed.}},
  institution={{UK Ministry of Defense}},
  year={2013},
  month={January},
  type={Joint Doctrine Publication}
}

@article{Rid2015,
    author = {Thomas Rid and Ben Buchanan},
    title = {Attributing Cyber Attacks},
    journal = {Journal of Strategic Studies},
    volume = {38},
    number = {1-2},
    pages = {4-37},
    year  = {2015},
    publisher = {Routledge},
}

@article{Robinson2015,
    title = "Cyber warfare: Issues and challenges",
    journal = "Computers \& Security",
    volume = "49",
    pages = "70 - 94",
    year = "2015",
    author = "Michael Robinson and Kevin Jones and Helge Janicke",
}

@Techreport{Yuen2015,
  author={Joseph Yuen},
  title={{Automated Cyber Red Teaming}},
  institution={Australian Department of Defence, Defence Science and Technology Organisation, Cyber and Electronic Warfare Division},
  year={2015},
  month={April},
  type={White paper}
}

@ARTICLE{Heckman2015,
    author={K. E. Heckman and F. J. Stech and B. S. Schmoker and R. K. Thomas},
    journal={Computer},
    title={Denial and Deception in Cyber Defense},
    year={2015},
    volume={48},
    number={4},
    pages={36-44},
    month={Apr}
}

@Techreport{LockheedMartin2015,
    author={{Lockheed Martin}},
    title={{Gaining the Advantage: Applying Cyber Kill Chain Methodology to Network Defense}},
    institution={Lockheed Martin corp.},
    year={2015},
    type={White paper}
}

@INPROCEEDINGS{Yuen2015-2,
    author={J. Yuen and B. Turnbull and J. Hernandez},
    booktitle={2015 IEEE Symposium on Visualization for Cyber Security (VizSec)},
    title={Visual analytics for cyber red teaming},
    year={2015},
    volume={},
    number={},
    pages={1-8},
    month={Oct}
}

@inproceedings{Randhawa2018,
    author = {Randhawa, Suneel and Turnbull, Benjamin and Yuen, Joseph and Dean, Jonathan},
    title = {Mission-Centric Automated Cyber Red Teaming},
    booktitle = {Proceedings of the 13th International Conference on Availability, Reliability and Security},
    series = {ARES 2018},
    year = {2018},
    isbn = {978-1-4503-6448-5},
    location = {Hamburg, Germany},
    pages = {1:1--1:11},
    articleno = {1},
    numpages = {11},
    publisher = {ACM},
    address = {New York, NY, USA},
}

@INPROCEEDINGS{Al-Mohannadi2016,
    author={H. Al-Mohannadi and Q. Mirza and A. Namanya and I. Awan and A. Cullen and J. Disso},
    booktitle={2016 IEEE 4th International Conference on Future Internet of Things and Cloud Workshops (FiCloudW)},
    title={Cyber-Attack Modeling Analysis Techniques: An Overview},
    year={2016},
    volume={},
    number={},
    pages={69-76},
    month={Aug}
}

@Misc{Malone2016,
  author={Sean T. Malone},
  title={{Using an Expanded Cyber Kill Chain Model to Increase Attack Resiliency}},
  howpublished={{Blackhat USA}},
  year={2016},
  month={August},
  note={Presentation}
}

@InProceedings{Yadav2016,
    author="Yadav, Tarun and Rao, Arvind Mallari",
    editor="Abawajy, Jemal H. and Mukherjea, Sougata and Thampi, Sabu M. and Ruiz-Mart{\'i}nez, Antonio",
    title="Technical Aspects of Cyber Kill Chain",
    booktitle="Security in Computing and Communications",
    year="2015",
    publisher="Springer International Publishing",
    address="Cham",
    pages="438--452",
}

@Techreport{USJCS2016,
  author={{US Joint Chiefs of Staff}},
  title={{Command Red Team}},
  institution={{US Joint Force Development}},
  year={2016},
  month={May},
  type={Joint Doctrine Note}
}

@Techreport{Dewar2017,
  author={Dewar, Robert S.},
  title={{Active Cyber Defense}},
  institution={{Center for Security Studies (CSS), ETH Zurich}},
  year={2017},
  month={June},
  type={Technical report}
}

@inproceedings{Wen2017,
    author = {Wen, Senhao and He, Nengqiang and Yan, Hanbing},
    title = {Detecting and Predicting APT Based on the Study of Cyber Kill Chain with Hierarchical Knowledge Reasoning},
    booktitle = {Proceedings of the 2017 VI International Conference on Network, Communication and Computing},
    series = {ICNCC 2017},
    year = {2017},
    isbn = {978-1-4503-5366-3},
    location = {Kunming, China},
    pages = {115--119},
    numpages = {5},
    publisher = {ACM},
    address = {New York, NY, USA},
} 

@inproceedings{Wen2018,
    author = {Wen, Senhao and Rao, Yu and Yan, Hanbing},
    title = {Information Protecting Against APT Based on the Study of Cyber Kill Chain with Weighted Bayesian Classification with Correction Factor},
    booktitle = {Proceedings of the 7th International Conference on Informatics, Environment, Energy and Applications},
    series = {IEEA '18},
    year = {2018},
    location = {Beijing, China},
    pages = {231--235},
    numpages = {5},
    publisher = {ACM},
    address = {New York, NY, USA},
} 

@article{Moskal2017,
    author = {Moskal, Stephen and Yang, Shanchieh and E Kuhl, Michael},
    year = {2017},
    month = {08},
    pages = {13--29},
    title = {Cyber threat assessment via attack scenario simulation using an integrated adversary and network modeling approach},
    volume = {15},
    journal = {The Journal of Defense Modeling and Simulation: Applications, Methodology, Technology}
}

@article{Kim2018,
    author = {Kim, Hyeob and Kwon, HyukJun and Kyu Kim, Kyung},
    year = {2018},
    month = {04},
    pages = {},
    title = {Modified cyber kill chain model for multimedia service environments},
    journal = {Multimedia Tools and Applications}
}

@Techreport{EU2018,
  author={{EU Council General Secretariat}},
  title={{Non-paper on Attribution of Malicious Cyber Activities in the Context of the Framework for a Joint EU Diplomatic Response to Malicious Cyber Activities}},
  institution={{Council of the European Union}},
  year={2018},
  month={June},
  type={Limited Working Paper}
}

@INPROCEEDINGS{DeLooze2004,
    author={L. L. DeLooze and P. McKean and J. R. Mostow and C. Graig},
    booktitle={Proceedings from the Fifth Annual IEEE SMC Information Assurance Workshop, 2004.},
    title={Simulation for training computer network operations},
    year={2004},
    volume={},
    number={},
    pages={329-334},
    month={June}
}

@Techreport{Maybaum2014,
  author={Markus Maybaum and Bernhards Blumbergs and E. \c{C}al\i\c{s}kan and Indrek Leesi and Mauno Pihelgas and Raimo Peterson and T. Min\'{a}rik and Jan Stinissen},
  title={{Responsive Cyber Defence: Technical and legal analysis}},
  institution={{NATO CCD CoE}},
  year={2013},
  type={Restricted Technical Research Paper}
}

@Article{Brangetto2014-2,
  author={Pascal Brangetto and Tom\'{a}\v{s} Min\'{a}rik and Jan Stinissen},
  title={{From Active Cyber Defence to Responsive Cyber Defence: A Way for States to Defend Themselves â Legal Implications}},
  journal={{NATO Legal Gazette. Legal Issues Related to Cyber}},
  pages={17--28},
  year={2014},
  month={December},
  issue={35}
}

@MastersThesis{Repik2008,
    author     =     {Keith A. Repik},
    title     =     {{Defeating Adversary Network Intelligence Efforts with Active Cyber Defense Techniques}},
    school     =     {{US Air Force Institute of Technology}},
    address     =     {Wright-Patterson Air Force Base, Ohio},
    year     =     {2008},
    }

@Techreport{FireEye2018,
  author={{MANDIANT}},
  title={{Practice responding to real-world threats â without the real-world consequences}},
  institution={{FireEye Inc.}},
  year={2018},
  type={Data Sheet}
}

@Misc{LockheedMartin2018,
  author={{Lockheed Martin}},
  title={{The Cyber Kill Chain}},
  howpublished={\url{https://www.lockheedmartin.com/en-us/capabilities/cyber/cyber-kill-chain.html}},
  year={2018},
  note={Accessed: 22/09/2018}
}

@Misc{Microsoft2018,
  author={{Microsoft Threat Analytics}},
  title={{What threats does ATA look for?}},
  howpublished={\url{https://docs.microsoft.com/en-us/advanced-threat-analytics/ata-threats}},
  year={2018},
  note={Accessed: 22/09/2018}
}

@INPROCEEDINGS{Wagener2011,
    author={G. Wagener and R. State and T. Engel and A. Dulaunoy},
    booktitle={12th IFIP/IEEE International Symposium on Integrated Network Management (IM 2011) and Workshops},
    title={Adaptive and self-configurable honeypots},
    year={2011},
    volume={},
    number={},
    pages={345-352},
    month={May}
 }

@INPROCEEDINGS{Zhang2017,
    author={Y. Zhang and C. Di and Z. Han and Y. Li and S. Li},
    booktitle={2017 IEEE Second International Conference on Data Science in Cyberspace (DSC)},
    title={An Adaptive Honeypot Deployment Algorithm Based on Learning Automata},
    year={2017},
    volume={},
    number={},
    pages={521-527},
    month={June}
}

@Techreport{USJCS2014,
  author={{US Joint Chiefs of Staff}},
  title={{Information Operations}},
  institution={{US Joint Staff}},
  year={2014},
  month={November},
  type={Joint Publication}
}

@Techreport{USJCS2018,
  author={{US Joint Chiefs of Staff}},
  title={{Cyberspace Operations}},
  institution={{US Joint Staff}},
  year={2018},
  month={June},
  type={Joint Publication}
}

@Misc{MITRE-ATTACK,
  author={{MITRE corp.}},
  title={{MITRE ATT\&CK}},
  howpublished={\url{https://attack.mitre.org/}},
  note={Accessed: 27/10/2018}
}

@Misc{MITRE-APT,
  author={{MITRE corp.}},
  title={{MITRE ATT\&CK Groups}},
  howpublished={\url{https://attack.mitre.org/groups/}},
  note={Accessed: 27/10/2018}
}

@Techreport{SANS-ICS,
  author={Michael J. Assante and Robert M. Lee},
  title={{The Industrial Control System Cyber Kill Chain}},
  institution={{SANS Institute}},
  year={2015},
  month={October},
  type={Whitepaper}
}

@Techreport{ECB2018,
  author={{European Central Bank}},
  title={{TIBER-EU Framework: How to implement the European framework for Threat Intelligence-based Ethical Red Teaming}},
  institution={European Central Bank},
  year={2018},
  month={May},
  type={Framework}
}

@Techreport{Lewis2015,
  author={James A. Lewis},
  title={{The Role of Offensive Cyber Operations in NATOâs Collective Defence}},
  institution={{NATO CCD CoE}},
  year={2015},
  type={The Tallinn Papers}
}

@inproceedings{Xu2009,
    author = {Xu, Wei and Huang, Ling and Fox, Armando and Patterson, David and Jordan, Michael I.},
    title = {Detecting Large-scale System Problems by Mining Console Logs},
    booktitle = {Proceedings of the ACM SIGOPS 22Nd Symposium on Operating Systems Principles},
    series = {SOSP '09},
    year = {2009},
    location = {Big Sky, Montana, USA},
    pages = {117--132},
    numpages = {16},
    publisher = {ACM},
    address = {New York, NY, USA},
} 

@INPROCEEDINGS{Oliner2008,
    author={A. J. Oliner and A. Aiken and J. Stearley},
    booktitle={2008 Eighth IEEE International Conference on Data Mining},
    title={Alert Detection in System Logs},
    year={2008},
    volume={},
    number={},
    pages={959-964},
    month={Dec}
}

@inproceedings{Du2017,
    author = {Du, Min and Li, Feifei and Zheng, Guineng and Srikumar, Vivek},
    title = {DeepLog: Anomaly Detection and Diagnosis from System Logs Through Deep Learning},
    booktitle = {Proceedings of the 2017 ACM SIGSAC Conference on Computer and Communications Security},
    series = {CCS '17},
    year = {2017},
    isbn = {978-1-4503-4946-8},
    location = {Dallas, Texas, USA},
    pages = {1285--1298},
    numpages = {14},
    publisher = {ACM},
    address = {New York, NY, USA},
} 

@inproceedings{Yamanishi2005,
    author = {Yamanishi, Kenji and Maruyama, Yuko},
    title = {Dynamic Syslog Mining for Network Failure Monitoring},
    booktitle = {Proceedings of the Eleventh ACM SIGKDD International Conference on Knowledge Discovery in Data Mining},
    series = {KDD '05},
    year = {2005},
    location = {Chicago, Illinois, USA},
    pages = {499--508},
    numpages = {10},
    publisher = {ACM},
    address = {New York, NY, USA},
} 

@inproceedings{Makanju2012,
    author = {Makanju, A. and Zincir-Heywood, A. Nur and Milios, Evangelos E. and Latzel, Markus},
    title = {Spatio-temporal Decomposition, Clustering and Identification for Alert Detection in System Logs},
    booktitle = {Proceedings of the 27th Annual ACM Symposium on Applied Computing},
    series = {SAC '12},
    year = {2012},
    location = {Trento, Italy},
    pages = {621--628},
    numpages = {8},
    publisher = {ACM},
    address = {New York, NY, USA},
} 

@inproceedings{Lou2010,
    author = {Lou, Jian-Guang and Fu, Qiang and Yang, Shengqi and Xu, Ye and Li, Jiang},
    title = {Mining Invariants from Console Logs for System Problem Detection},
    booktitle = {Proceedings of the 2010 USENIX Conference on USENIX Annual Technical Conference},
    series = {USENIXATC'10},
    year = {2010},
    location = {Boston, MA},
    pages = {24--24},
    numpages = {1},
    publisher = {USENIX Association},
    address = {Berkeley, CA, USA},
} 

@ARTICLE{Liu2018,
    author={Z. Liu and T. Qin and X. Guan and H. Jiang and C. Wang},
    journal={IEEE Access},
    title={An Integrated Method for Anomaly Detection From Massive System Logs},
    year={2018},
    volume={6},
    number={},
    pages={30602-30611},
    month={June}
}

@Techreport{NATOJP2018,
  author={{NATO Chiefs of Staff}},
  title={{Allied Joint Doctrine AJP-01}},
  institution={{NATO/OTAN}},
  year={2018},
  month={February},
  type={Joint Publication}
}

@Inproceedings{Blumbergs2018,
  author={Bernhards Blumbergs},
  booktitle={{5th International Conference on Information Systems Security and Privacy, ICISSP 2019}},
  title={{Remote Exploit Development for Cyber Red Team Computer Network Operations Targeting Industrial  Control Systems}},
  publisher={SCITEPRESS},
  year={2019},
  month={February},
  address={Prague, Czech Republic},
  pages={88-99}
}

@Inproceedings{Mucci2018,
  author={Daniele Mucci and Bernhards Blumbergs},
  booktitle={{5th International Conference on Information Systems Security and Privacy, ICISSP 2019}},
  title={{TED: A Container Based Tool to Perform Security Risk Assessment for ELF Binaries}},
  publisher={SCITEPRESS},
  year={2019},
  month={February},
  pages={361-369},
  address={Prague, Czech Republic}
}

@Inproceedings{Blumbergs2019,
  author={Bernhards Blumbergs and Rain Ottis and Risto Vaarandi},
  booktitle={{18th European Conference on Cyber Warfare and Security, ECCWS 2019}},
  title={{Crossed Swords: A Cyber Red Team Oriented Technical Exercise}},
  publisher={ACPI},
  year={2019},
  month={July},
  address={Coimbra, Portugal},
  note={(Accepted paper)}
}

@Article{A4,
  author={},
  title={{}},
  journal={},
  pages={},
  year={},
  month={}
}
@Book{A0,
  author={},
  title={{}},
  publisher={},
  month={},
  year={}
}
@Techreport{A1,
  author={},
  title={{}},
  institution={},
  year={},
  type={White paper}
}
@Inproceedings{A2,
  author={},
  booktitle={{}},
  title={{}},
  publisher={},
  year={},
  month={}
}
@Misc{A3,
  author={},
  title={{}},
  howpublished={{}},
  year={},
  note={Presentation}
}